<collection xmlns="http://www.loc.gov/MARC21/slim">
<record>
  <leader>02284nam0a2200313 i 450 </leader>
  <controlfield tag="001">IT\ICCU\CNCE\017088</controlfield>
  <controlfield tag="005">20150604000000.0</controlfield>
  <datafield tag="012" ind1=" " ind2=" ">
    <subfield code="a">neia sita e-o. tore (C) 1585 (A)</subfield>
    <subfield code="2">fei</subfield>
  </datafield>
  <datafield tag="100" ind1=" " ind2=" ">
    <subfield code="a">19970101d1585        0itac0103    ba</subfield>
  </datafield>
  <datafield tag="101" ind1=" " ind2=" ">
    <subfield code="a">ITA</subfield>
  </datafield>
  <datafield tag="102" ind1=" " ind2=" ">
    <subfield code="a">IT</subfield>
  </datafield>
  <datafield tag="200" ind1="1" ind2=" ">
    <subfield code="a">℗La ℗dichiaratione di tutto il viaggio de&apos; principi giaponesi. Doue si contiene la descrittione di quei paesi, suoi costumi, &amp; uita, con quanto gli  ̈occorso da che si son partiti da i regni loro. Con l&apos;obbedienza, che hanno prestata alla santit ̉di Gregorio XIII a Roma l&apos;anno MDLXXXV</subfield>
  </datafield>
  <datafield tag="210" ind1=" " ind2=" ">
    <subfield code="a">In Cremona</subfield>
    <subfield code="c">appresso Christoforo Draconi</subfield>
    <subfield code="c">a istancia di Santo di Alessandri fiorentino libraro</subfield>
    <subfield code="d">1585</subfield>
    <subfield code="h">In Cremona</subfield>
  </datafield>
  <datafield tag="215" ind1=" " ind2=" ">
    <subfield code="a">\24! c.</subfield>
    <subfield code="d">8ʻ</subfield>
  </datafield>
  <datafield tag="300" ind1=" " ind2=" ">
    <subfield code="a">A c. C1 altro front.: Descrittione dell&apos;ambasciaria dei regi ...Venuti nouamente a Roma, a render obedienza alla santit ̉di Gregorio XIII pontefice massimo. Alli 23 di marzo 1585. - A c. E1 altro front.: Relatione de gli honori et accoglienze fatte dall&apos;illustrissima, et serenissima signoria di Venetia alli signori ambasciatori giapponesi ...</subfield>
  </datafield>
  <datafield tag="423" ind1=" " ind2="0">
    <subfield code="1">001IT\ICCU\CNCE\051086</subfield>
    <subfield code="1">2001 </subfield>
    <subfield code="a">Descrittione dell1ambasciaria dei regi, et dei principi del gran regno del Giapon. Venuti nouamente Aa Roma, Aa render obedienza alla santitAa di Gregorio ^XIII=13.^ Pontefice massimo. Alli 23.di Marzo 1585.</subfield>
  </datafield>
  <datafield tag="423" ind1=" " ind2="0">
    <subfield code="1">001IT\ICCU\CNCE\077906</subfield>
    <subfield code="1">2001 </subfield>
    <subfield code="a">Relatione de gli honori et accoglienze fatte dall1illustrissima et sereniss. signoria di Venetia alli sig. ambasciatori giapponesi ...</subfield>
  </datafield>
  <datafield tag="620" ind1=" " ind2=" ">
    <subfield code="a">IT</subfield>
    <subfield code="d">Cremona</subfield>
  </datafield>
  <datafield tag="712" ind1="0" ind2="0">
    <subfield code="a">Draconi, Cristoforo</subfield>
    <subfield code="3">IT\ICCU\CNCT\000063</subfield>
    <subfield code="4">650</subfield>
  </datafield>
  <datafield tag="712" ind1="0" ind2="0">
    <subfield code="a">Alessandri, Santo</subfield>
    <subfield code="3">IT\ICCU\CNCT\001144</subfield>
    <subfield code="4">650</subfield>
  </datafield>
  <datafield tag="791" ind1="0" ind2="0">
    <subfield code="a">Dragoni, Cristoforo</subfield>
    <subfield code="3">IT\ICCU\CNCT\003781</subfield>
    <subfield code="z">Draconi, Cristoforo</subfield>
  </datafield>
  <datafield tag="791" ind1="0" ind2="0">
    <subfield code="a">Draconius, Christophorus</subfield>
    <subfield code="3">IT\ICCU\CNCT\004736</subfield>
    <subfield code="z">Draconi, Cristoforo</subfield>
  </datafield>
  <datafield tag="791" ind1="0" ind2="2">
    <subfield code="a">Santo di Alessandro</subfield>
    <subfield code="3">IT\ICCU\CNCT\003093</subfield>
    <subfield code="z">Alessandri, Santo</subfield>
  </datafield>
  <datafield tag="801" ind1=" " ind2="3">
    <subfield code="a">IT</subfield>
    <subfield code="b">ICCU</subfield>
    <subfield code="c">20201114</subfield>
  </datafield>
  <datafield tag="899" ind1=" " ind2=" ">
    <subfield code="a">Biblioteca statale. Lucca</subfield>
    <subfield code="1">LU0022</subfield>
    <subfield code="2">LUA BL</subfield>
  </datafield>
  <datafield tag="899" ind1=" " ind2=" ">
    <subfield code="a">Biblioteca nazionale Braidense. Milano</subfield>
    <subfield code="z">MUTILO</subfield>
    <subfield code="1">MI0185</subfield>
    <subfield code="2">MIL NB</subfield>
  </datafield>
  <datafield tag="899" ind1=" " ind2=" ">
    <subfield code="a">Biblioteca Estense Universitaria. Modena</subfield>
    <subfield code="z">MUTILO</subfield>
    <subfield code="1">MO0089</subfield>
    <subfield code="2">MOD BE</subfield>
  </datafield>
  <datafield tag="899" ind1=" " ind2=" ">
    <subfield code="a">Biblioteca Palatina. Parma</subfield>
    <subfield code="1">PR0072</subfield>
    <subfield code="2">PAR PA</subfield>
  </datafield>
  <datafield tag="899" ind1=" " ind2=" ">
    <subfield code="a">Biblioteca della Camera dei deputati. Roma</subfield>
    <subfield code="z">MUTILO</subfield>
    <subfield code="1">RM0175</subfield>
    <subfield code="2">ZRM 77</subfield>
  </datafield>
</record>
</collection>
